@Article{Karney2013,
author="Karney, Charles F. F.",
title="Algorithms for geodesics",
journal="Journal of Geodesy",
year="2013",
volume="87",
number="1",
pages="43--55",
abstract="Algorithms for the computation of geodesics on an ellipsoid of revolution are given. These provide accurate, robust, and fast solutions to the direct and inverse geodesic problems and they allow differential and integral properties of geodesics to be computed.",
issn="1432-1394",
doi="10.1007/s00190-012-0578-z",
url="http://dx.doi.org/10.1007/s00190-012-0578-z"
}

