




@article{doi:10.1179/sre.1975.23.176.88,
author = {T. Vincenty},
title = {DIRECT AND INVERSE SOLUTIONS OF GEODESICS ON THE ELLIPSOID WITH APPLICATION OF NESTED EQUATIONS},
journal = {Survey Review},
volume = {23},
number = {176},
pages = {88-93},
year = {1975},
doi = {10.1179/sre.1975.23.176.88},

URL = { 
        http://dx.doi.org/10.1179/sre.1975.23.176.88
    
},
eprint = { 
        http://dx.doi.org/10.1179/sre.1975.23.176.88
    
}

}


