%Site-uri
@misc{DeveloperAndroid,
  author = {Google, Inc.},
  title = {{Android Developer}},
  howpublished = "\url{https://developer.android.com/}",
  year = {2016}
}

@misc{AndroidHistory,
  author = {Google, Inc.},
  title = {{Android History}},
  howpublished = "\url{https://www.android.com/history/}",
  year = {2016}
}

@misc{AndroidHistoryAndroidCentral,
  author = {Android Central},
  title = {{Android History}},
  howpublished = "\url{http://www.androidcentral.com/android-history/}",
  year = {2016}
}

@misc{AndroidVersionsHistory,
  author = {Tom's Guide},
  title = {{Android Version History: A Timeline of New Features}},
  howpublished = "\url{http://www.tomsguide.com/us/android-version-history,news-21211.html}",
  year = {2015}
}

@misc{GoogleMapsAndroidAPI,
  author = {Google, Inc.},
  title = {{Maps Android API}},
  howpublished = "\url{https://developers.google.com/maps/documentation/android-api/}",
  year = {2016}
}

@misc{MapsPeople,
  author = {MapsPeople A/S},
  title = {{Maps People}},
  howpublished = "\url{http://mapspeople.com/}",
  year = {2016}
}

@misc{GPSHistoryNASA,
  author = {NASA},
  title = {{Global Positioning System History}},
  howpublished = "\url{http://www.nasa.gov/directorates/heo/scan/communications/policy/GPS_History.html/}",
  year = {2016}
}

@misc{DopplerEffectWikipedia,
  author = {Wikipedia},
  title = {{Doppler effect}},
  howpublished = "\url{https://en.wikipedia.org/wiki/Doppler_effect/}",
  year = {2008}
}

@misc{GPSAccuracy,
  author = {GPS.gov},
  title = {{GPS Accuracy}},
  howpublished = "\url{http://www.gps.gov/systems/gps/performance/accuracy/}",
  year = {2008}
}

@misc{GLONASSAccuracy,
  author = {Russian System of Differentional Correction and Monitoring},
  title = {{Precision of GLONASS navigation definitions}},
  howpublished = "\url{http://www.sdcm.ru/smglo/st_glo?version=eng&repdate&site=extern}",
  year = {2008}
}

%Articole
@MastersThesis{ZhangYu,
author = {Zhang Yu},
title = {Dead Reckoning Algorithms for Indoor Localization},
school = {Departament of Electrical and Computer Engineering, National University of Singapore},
year = {2012},
OPTmonth = {January}
}

@Article{StepLengthAndHeadingDetermination,
author = {Jeong Won Kim and Han Jin Jang and Donh-Hwan Hwang and Chansik Park},
title = {A Step, Stride and Heading Determination for the Pedestrian
Navigation System},
journal = {Journal of Global Positioning Systems},
year = {2004},
OPTkey = {•},
OPTvolume = {3},
OPTnumber = {1-2},
OPTpages = {273-279},
OPTmonth = {•},
OPTnote = {•},
OPTannote = {•}
}

@TechReport{HarveyWeinberg,
author = {Harvey Weinberg},
title = {Using the ADXL202 in Pedometer and Personal Navigation Applications},
institution = {Analog Devices Inc.},
year = {2002},
OPTkey = {•},
OPTtype = {•},
OPTnumber = {•},
OPTaddress = {•},
OPTmonth = {•},
OPTnote = {•},
OPTannote = {•}
}

@INPROCEEDINGS{StepLengthEstimatorsComparaison, 
author = {Diego Alvarez and Rafael Gonzalez and Antonio Lopez and Juan Carols Alvarez}, 
booktitle = {Engineering in Medicine and Biology Society, 2006. EMBS '06. 28th Annual International Conference of the IEEE}, 
title = {Comparison of Step Length Estimators from Weareable Accelerometer Devices}, 
year = {2006}, 
pages = {5964-5967}, 
keywords = {accelerometers;biomedical equipment;biomedical measurement;gait analysis;portable instruments;accelerometry-based step length estimation;biomechanics;gait analysis;human walking;indirect sensor measurement;mathematical model;portable system;real-time data;spatiotemporal parameter;step length estimators;wearable accelerometer devices;Accelerometers;Cities and towns;Data acquisition;Force measurement;Humans;Legged locomotion;Length measurement;Mathematical model;Real time systems;Spine}, 
doi = {10.1109/IEMBS.2006.259593}, 
ISSN = {1557-170X}, 
month = {Aug}
}

@Unpublished{AbhijitChandgadkar,
author = {Abhijit Chandgadkar},
title = {An Indoor Navigation System For Smartphones},
note = {Department of Computer Science - Imperial College London},
OPTkey = {•},
OPTmonth = {June},
OPTyear = {2013},
OPTannote = {•}
}

@Article{QRNavigation,
author = {Vinjohn Chirakkal and Myungchul Park and Dong Seog Han},
title = {Exploring Smartphone-Based Indoor Navigation: A QR Code Assistance-Based Approach},
journal = {IEIE Transactions on Smart Processing and Computing},
year = {2015},
OPTkey = {•},
OPTvolume = {4, Issue 3},
OPTnumber = {•},
OPTpages = {173-182},
OPTmonth = {June},
OPTnote = {•},
OPTannote = {•}
}

@PhdThesis{SuratKwanmuang,
author = {Surat Kwanmuang},
title = {Filtering and Tracking for a Pedestrian Dead-Reckoning System},
school = {The University of Michigan },
year = {2015},
OPTkey = {•},
OPTtype = {•},
OPTaddress = {•},
OPTmonth = {•},
OPTnote = {•},
OPTannote = {•}
}

@InProceedings{SDCPA10b,
author = {Alberto Serra and Tiziana Dessi and Davide Carboni and Vlad Popescu and Luigi Atzori},
title = {Inertial navigation systems for user-centric indoor applications},
booktitle = {Networked and Electronic Media Summit, Barcelona, 2010},
year = {2010},
keywords = {Indoor navigation, mobile, Location based computing},
url = {http://publications.crs4.it/pubdocs/2010/SDCPA10b},
}

@InProceedings{SCM10,
author = {Alberto Serra and Davide Carboni and Valentina Marotto},
title = {Indoor pedestrian navigation system using a modern smartphone},
booktitle = {Proceedings of the 12th international conference on Human computer interaction with mobile devices and services},
pages = {397--398},
year = {2010},
publisher = {ACM Press},
organization = {ACM},
keywords = {Indoor navigation, dead reckoning, accelerometer, compass, map},
doi = {10.1145/1851600.1851683},
url = {http://publications.crs4.it/pubdocs/2010/SCM10},
}

@PhdThesis{OliverWoodman,
author = {Oliver Woodman},
title = {Pedestrian localisation for indoor environments},
school = {St Catharine’s College - University of Cambridge},
year = {2010},
OPTkey = {•},
OPTtype = {•},
OPTaddress = {•},
OPTmonth = {September},
OPTnote = {•},
OPTannote = {•}
}

@article{BeiDouAccuracy,
author = {Shi Chuang and Zhao QiLe and Li Min and Tang WeiMing and Hu ZhiGang and Lou YiDong and Zhang HongPing and Niu XiaoJi and Liu JingNan},
title = {Precise orbit determination of Beidou Satellites with precise positioning},
publisher = {SCIENCE CHINA Earth Sciences},
year = {2012},
journal = {SCIENCE CHINA Earth Sciences},
volume = {55},
number = {7},
eid = {1079},
numpages = {7},
pages = {1079},
keywords = {<p>compass/Beidou;PANDA;precise orbit determination (POD);Beidou difference</p>},
url = {http://earth.scichina.com:8080/sciDe/EN/abstract/article_507876.shtml},
doi = {10.1007/s11430-012-4446-8}
} 

%Aplicatii
@misc{GoogleMaps,
  author = {Google, Inc.},
  title = {{Google Maps}},
  howpublished = "\url{https://play.google.com/store/apps/details?id=com.google.android.apps.maps/}",
  year = {2016}
}

@misc{Strava,
  author = {Strava, Inc.},
  title = {{Strava Running and Cycling GPS}},
  howpublished = "\url{https://play.google.com/store/apps/details?id=com.strava/}",
  year = {2016}
}

@misc{SmartNavi,
  author = {Christian Henke},
  title = {{SmartNavi - Step Navigation}},
  howpublished = "\url{https://play.google.com/store/apps/details?id=com.ilm.sandwich/}",
  year = {2016}
}

@misc{DaRe,
  author = {Inertial Elements},
  title = {{DaRe - Pedestrian Navigation}},
  howpublished = "\url{https://play.google.com/store/apps/details?id=com.osmium.android.dare/}",
  year = {2016}
}

@misc{Landmarker,
  author = {Creative Labs @ Google},
  title = {{Landmarker}},
  howpublished = "\url{https://play.google.com/store/apps/details?id=com.androidexperiments.landmarker/}",
  year = {2015}
}
